%YAML 1.1
%TAG !u! tag:unity3d.com,2011:
--- !u!1 &4898812051240461412
GameObject:
  m_ObjectHideFlags: 0
  m_CorrespondingSourceObject: {fileID: 0}
  m_PrefabInstance: {fileID: 0}
  m_PrefabAsset: {fileID: 0}
  serializedVersion: 6
  m_Component:
  - component: {fileID: 2562004066953477169}
  - component: {fileID: 5808949840995361641}
  m_Layer: 7
  m_Name: Render
  m_TagString: Untagged
  m_Icon: {fileID: 0}
  m_NavMeshLayer: 0
  m_StaticEditorFlags: 0
  m_IsActive: 1
--- !u!4 &2562004066953477169
Transform:
  m_ObjectHideFlags: 0
  m_CorrespondingSourceObject: {fileID: 0}
  m_PrefabInstance: {fileID: 0}
  m_PrefabAsset: {fileID: 0}
  m_GameObject: {fileID: 4898812051240461412}
  m_LocalRotation: {x: 0.7071068, y: 0, z: 0, w: 0.7071068}
  m_LocalPosition: {x: 0, y: 0, z: 0}
  m_LocalScale: {x: 1, y: 1, z: 1}
  m_Children: []
  m_Father: {fileID: 2776526214504773698}
  m_RootOrder: 0
  m_LocalEulerAnglesHint: {x: 90, y: 0, z: 0}
--- !u!212 &5808949840995361641
SpriteRenderer:
  m_ObjectHideFlags: 0
  m_CorrespondingSourceObject: {fileID: 0}
  m_PrefabInstance: {fileID: 0}
  m_PrefabAsset: {fileID: 0}
  m_GameObject: {fileID: 4898812051240461412}
  m_Enabled: 1
  m_CastShadows: 0
  m_ReceiveShadows: 0
  m_DynamicOccludee: 1
  m_MotionVectors: 1
  m_LightProbeUsage: 1
  m_ReflectionProbeUsage: 1
  m_RayTracingMode: 0
  m_RayTraceProcedural: 0
  m_RenderingLayerMask: 1
  m_RendererPriority: 0
  m_Materials:
  - {fileID: 10754, guid: 0000000000000000f000000000000000, type: 0}
  m_StaticBatchInfo:
    firstSubMesh: 0
    subMeshCount: 0
  m_StaticBatchRoot: {fileID: 0}
  m_ProbeAnchor: {fileID: 0}
  m_LightProbeVolumeOverride: {fileID: 0}
  m_ScaleInLightmap: 1
  m_ReceiveGI: 1
  m_PreserveUVs: 0
  m_IgnoreNormalsForChartDetection: 0
  m_ImportantGI: 0
  m_StitchLightmapSeams: 1
  m_SelectedEditorRenderState: 0
  m_MinimumChartSize: 4
  m_AutoUVMaxDistance: 0.5
  m_AutoUVMaxAngle: 89
  m_LightmapParameters: {fileID: 0}
  m_SortingLayerID: 0
  m_SortingLayer: 0
  m_SortingOrder: 0
  m_Sprite: {fileID: 21300000, guid: b11ba27bf5d6ba64da0a3e29f9573f29, type: 3}
  m_Color: {r: 1, g: 1, b: 1, a: 1}
  m_FlipX: 0
  m_FlipY: 0
  m_DrawMode: 0
  m_Size: {x: 0.43, y: 0.43}
  m_AdaptiveModeThreshold: 0.5
  m_SpriteTileMode: 0
  m_WasSpriteAssigned: 1
  m_MaskInteraction: 0
  m_SpriteSortPoint: 0
--- !u!1 &8322949146075536969
GameObject:
  m_ObjectHideFlags: 0
  m_CorrespondingSourceObject: {fileID: 0}
  m_PrefabInstance: {fileID: 0}
  m_PrefabAsset: {fileID: 0}
  serializedVersion: 6
  m_Component:
  - component: {fileID: 2776526214504773698}
  - component: {fileID: 8594480953688291765}
  - component: {fileID: 6548349074787773760}
  - component: {fileID: 5345622837978962491}
  - component: {fileID: -5558754474321670129}
  - component: {fileID: -5702380963021325248}
  - component: {fileID: 2809156365311836888}
  - component: {fileID: 6844974543231480156}
  - component: {fileID: 2019166098846856622}
  - component: {fileID: -5817786854324193439}
  m_Layer: 7
  m_Name: MediumAsteroid 1
  m_TagString: Untagged
  m_Icon: {fileID: 0}
  m_NavMeshLayer: 0
  m_StaticEditorFlags: 0
  m_IsActive: 1
--- !u!4 &2776526214504773698
Transform:
  m_ObjectHideFlags: 0
  m_CorrespondingSourceObject: {fileID: 0}
  m_PrefabInstance: {fileID: 0}
  m_PrefabAsset: {fileID: 0}
  m_GameObject: {fileID: 8322949146075536969}
  m_LocalRotation: {x: -0.7071068, y: 0, z: 0, w: 0.7071068}
  m_LocalPosition: {x: 0, y: 0, z: 0}
  m_LocalScale: {x: 1, y: 1, z: 1}
  m_Children:
  - {fileID: 2562004066953477169}
  m_Father: {fileID: 0}
  m_RootOrder: 0
  m_LocalEulerAnglesHint: {x: -90, y: 0, z: 0}
--- !u!114 &8594480953688291765
MonoBehaviour:
  m_ObjectHideFlags: 0
  m_CorrespondingSourceObject: {fileID: 0}
  m_PrefabInstance: {fileID: 0}
  m_PrefabAsset: {fileID: 0}
  m_GameObject: {fileID: 8322949146075536969}
  m_Enabled: 1
  m_EditorHideFlags: 0
  m_Script: {fileID: 11500000, guid: bb58b96f95b37a346bda57f3b4055580, type: 3}
  m_Name: 
  m_EditorClassIdentifier: 
  Speed: 1
--- !u!114 &6548349074787773760
MonoBehaviour:
  m_ObjectHideFlags: 0
  m_CorrespondingSourceObject: {fileID: 0}
  m_PrefabInstance: {fileID: 0}
  m_PrefabAsset: {fileID: 0}
  m_GameObject: {fileID: 8322949146075536969}
  m_Enabled: 1
  m_EditorHideFlags: 0
  m_Script: {fileID: 11500000, guid: 8fe16cc62a0e8f449bed6e4f64aea2a4, type: 3}
  m_Name: 
  m_EditorClassIdentifier: 
  DamageAmount: 1
  CollisionSound: 2
  Prefab: {fileID: 8322949146075536969, guid: 6b7de7a74222b8740b4cca06422a5833, type: 3}
  DestroyedBitsCount: 2
--- !u!114 &5345622837978962491
MonoBehaviour:
  m_ObjectHideFlags: 0
  m_CorrespondingSourceObject: {fileID: 0}
  m_PrefabInstance: {fileID: 0}
  m_PrefabAsset: {fileID: 0}
  m_GameObject: {fileID: 8322949146075536969}
  m_Enabled: 1
  m_EditorHideFlags: 0
  m_Script: {fileID: 11500000, guid: 9aade0b0ea35dbc4f81f7aab064b660b, type: 3}
  m_Name: 
  m_EditorClassIdentifier: 
  MaxHealth: 1
--- !u!114 &-5558754474321670129
MonoBehaviour:
  m_ObjectHideFlags: 0
  m_CorrespondingSourceObject: {fileID: 0}
  m_PrefabInstance: {fileID: 0}
  m_PrefabAsset: {fileID: 0}
  m_GameObject: {fileID: 8322949146075536969}
  m_Enabled: 1
  m_EditorHideFlags: 0
  m_Script: {fileID: 11500000, guid: f7a9a0555fde8004595652f74270531b, type: 3}
  m_Name: 
  m_EditorClassIdentifier: 
  Speed: 2
--- !u!114 &-5702380963021325248
MonoBehaviour:
  m_ObjectHideFlags: 0
  m_CorrespondingSourceObject: {fileID: 0}
  m_PrefabInstance: {fileID: 0}
  m_PrefabAsset: {fileID: 0}
  m_GameObject: {fileID: 8322949146075536969}
  m_Enabled: 1
  m_EditorHideFlags: 0
  m_Script: {fileID: 11500000, guid: ea7d7495833204790ba1d3a8755397f8, type: 3}
  m_Name: 
  m_EditorClassIdentifier: 
  ConversionMode: 0
--- !u!114 &2809156365311836888
MonoBehaviour:
  m_ObjectHideFlags: 0
  m_CorrespondingSourceObject: {fileID: 0}
  m_PrefabInstance: {fileID: 0}
  m_PrefabAsset: {fileID: 0}
  m_GameObject: {fileID: 8322949146075536969}
  m_Enabled: 1
  m_EditorHideFlags: 0
  m_Script: {fileID: 11500000, guid: ccea9ea98e38942e0b0938c27ed1903e, type: 3}
  m_Name: 
  m_EditorClassIdentifier: 
  m_MotionType: 0
  m_Smoothing: 0
  m_Mass: 0.001
  m_LinearDamping: 0
  m_AngularDamping: 0
  m_InitialLinearVelocity:
    x: 0
    y: 0
    z: 0
  m_InitialAngularVelocity:
    x: 0
    y: 0
    z: 0
  m_GravityFactor: 0
  m_OverrideDefaultMassDistribution: 0
  m_CenterOfMass:
    x: 0
    y: 0
    z: 0
  m_Orientation:
    Value:
      x: 0
      y: 0
      z: 0
    RotationOrder: 4
  m_InertiaTensor:
    x: 0.4
    y: 0.4
    z: 0.4
  m_CustomTags:
    Tag00: 0
    Tag01: 0
    Tag02: 0
    Tag03: 0
    Tag04: 0
    Tag05: 0
    Tag06: 0
    Tag07: 0
--- !u!114 &6844974543231480156
MonoBehaviour:
  m_ObjectHideFlags: 0
  m_CorrespondingSourceObject: {fileID: 0}
  m_PrefabInstance: {fileID: 0}
  m_PrefabAsset: {fileID: 0}
  m_GameObject: {fileID: 8322949146075536969}
  m_Enabled: 1
  m_EditorHideFlags: 0
  m_Script: {fileID: 11500000, guid: b275e5f92732148048d7b77e264ac30e, type: 3}
  m_Name: 
  m_EditorClassIdentifier: 
  m_ShapeType: 2
  m_PrimitiveCenter:
    x: 0
    y: 0
    z: 0
  m_PrimitiveSize:
    x: 0.46
    y: 0.46
    z: 0.46
  m_PrimitiveOrientation:
    Value:
      x: 0
      y: 0
      z: 0
    RotationOrder: 4
  m_Capsule:
    Height: 0.46
    Radius: 0.23
    Axis: 2
  m_Cylinder:
    Height: 0.46
    Radius: 0.23
    Axis: 2
  m_CylinderSideCount: 20
  m_SphereRadius: 0.23
  m_MinimumSkinnedVertexWeight: 0.1
  m_ConvexHullGenerationParameters:
    m_SimplificationTolerance: 0.015
    m_BevelRadius: 0.05
    m_MinimumAngle: 2.5000002
  m_CustomMesh: {fileID: 0}
  m_ForceUnique: 0
  m_Material:
    m_SupportsTemplate: 1
    m_Template: {fileID: 11400000, guid: 09598320253912940b0b26adc09c75b0, type: 2}
    m_CollisionResponse:
      m_Override: 0
      m_Value: 3
    m_Friction:
      m_Override: 0
      m_Value:
        Value: 0
        CombineMode: 0
    m_Restitution:
      m_Override: 0
      m_Value:
        Value: 0
        CombineMode: 2
    m_BelongsToCategories:
      m_Override: 0
      m_Value:
        Category00: 0
        Category01: 0
        Category02: 1
        Category03: 0
        Category04: 0
        Category05: 0
        Category06: 0
        Category07: 0
        Category08: 0
        Category09: 0
        Category10: 0
        Category11: 0
        Category12: 0
        Category13: 0
        Category14: 0
        Category15: 0
        Category16: 0
        Category17: 0
        Category18: 0
        Category19: 0
        Category20: 0
        Category21: 0
        Category22: 0
        Category23: 0
        Category24: 0
        Category25: 0
        Category26: 0
        Category27: 0
        Category28: 0
        Category29: 0
        Category30: 0
        Category31: 0
    m_CollidesWithCategories:
      m_Override: 0
      m_Value:
        Category00: 1
        Category01: 1
        Category02: 0
        Category03: 0
        Category04: 0
        Category05: 0
        Category06: 0
        Category07: 0
        Category08: 0
        Category09: 0
        Category10: 0
        Category11: 0
        Category12: 0
        Category13: 0
        Category14: 0
        Category15: 0
        Category16: 0
        Category17: 0
        Category18: 0
        Category19: 0
        Category20: 0
        Category21: 0
        Category22: 0
        Category23: 0
        Category24: 0
        Category25: 0
        Category26: 0
        Category27: 0
        Category28: 0
        Category29: 0
        Category30: 0
        Category31: 0
    m_CustomMaterialTags:
      m_Override: 0
      m_Value:
        Tag00: 0
        Tag01: 0
        Tag02: 0
        Tag03: 0
        Tag04: 0
        Tag05: 0
        Tag06: 0
        Tag07: 0
    m_SerializedVersion: 1
  m_SerializedVersion: 1
--- !u!114 &2019166098846856622
MonoBehaviour:
  m_ObjectHideFlags: 0
  m_CorrespondingSourceObject: {fileID: 0}
  m_PrefabInstance: {fileID: 0}
  m_PrefabAsset: {fileID: 0}
  m_GameObject: {fileID: 8322949146075536969}
  m_Enabled: 1
  m_EditorHideFlags: 0
  m_Script: {fileID: 11500000, guid: e76c40891b6dbcb4cb195dc58ef4f1df, type: 3}
  m_Name: 
  m_EditorClassIdentifier: 
--- !u!114 &-5817786854324193439
MonoBehaviour:
  m_ObjectHideFlags: 0
  m_CorrespondingSourceObject: {fileID: 0}
  m_PrefabInstance: {fileID: 0}
  m_PrefabAsset: {fileID: 0}
  m_GameObject: {fileID: 8322949146075536969}
  m_Enabled: 1
  m_EditorHideFlags: 0
  m_Script: {fileID: 11500000, guid: 67c27d874b891674b93e5421994c35e6, type: 3}
  m_Name: 
  m_EditorClassIdentifier: 
  Points: 20
