%YAML 1.1
%TAG !u! tag:unity3d.com,2011:
--- !u!1 &601151395773123828
GameObject:
  m_ObjectHideFlags: 0
  m_CorrespondingSourceObject: {fileID: 0}
  m_PrefabInstance: {fileID: 0}
  m_PrefabAsset: {fileID: 0}
  serializedVersion: 6
  m_Component:
  - component: {fileID: 1138093651147894099}
  - component: {fileID: 668636301002507146}
  m_Layer: 6
  m_Name: Render
  m_TagString: Untagged
  m_Icon: {fileID: 0}
  m_NavMeshLayer: 0
  m_StaticEditorFlags: 0
  m_IsActive: 1
--- !u!4 &1138093651147894099
Transform:
  m_ObjectHideFlags: 0
  m_CorrespondingSourceObject: {fileID: 0}
  m_PrefabInstance: {fileID: 0}
  m_PrefabAsset: {fileID: 0}
  m_GameObject: {fileID: 601151395773123828}
  m_LocalRotation: {x: 0.7071068, y: 0, z: 0, w: 0.7071068}
  m_LocalPosition: {x: 0, y: 0, z: 0}
  m_LocalScale: {x: 1, y: 1, z: 1}
  m_Children: []
  m_Father: {fileID: 1898143091040252239}
  m_RootOrder: 0
  m_LocalEulerAnglesHint: {x: 90, y: 0, z: 0}
--- !u!212 &668636301002507146
SpriteRenderer:
  m_ObjectHideFlags: 0
  m_CorrespondingSourceObject: {fileID: 0}
  m_PrefabInstance: {fileID: 0}
  m_PrefabAsset: {fileID: 0}
  m_GameObject: {fileID: 601151395773123828}
  m_Enabled: 1
  m_CastShadows: 0
  m_ReceiveShadows: 0
  m_DynamicOccludee: 1
  m_MotionVectors: 1
  m_LightProbeUsage: 1
  m_ReflectionProbeUsage: 1
  m_RayTracingMode: 0
  m_RayTraceProcedural: 0
  m_RenderingLayerMask: 1
  m_RendererPriority: 0
  m_Materials:
  - {fileID: 10754, guid: 0000000000000000f000000000000000, type: 0}
  m_StaticBatchInfo:
    firstSubMesh: 0
    subMeshCount: 0
  m_StaticBatchRoot: {fileID: 0}
  m_ProbeAnchor: {fileID: 0}
  m_LightProbeVolumeOverride: {fileID: 0}
  m_ScaleInLightmap: 1
  m_ReceiveGI: 1
  m_PreserveUVs: 0
  m_IgnoreNormalsForChartDetection: 0
  m_ImportantGI: 0
  m_StitchLightmapSeams: 1
  m_SelectedEditorRenderState: 0
  m_MinimumChartSize: 4
  m_AutoUVMaxDistance: 0.5
  m_AutoUVMaxAngle: 89
  m_LightmapParameters: {fileID: 0}
  m_SortingLayerID: 0
  m_SortingLayer: 0
  m_SortingOrder: 0
  m_Sprite: {fileID: 21300000, guid: 91dc7209fadebcb4bb4ca88498329804, type: 3}
  m_Color: {r: 1, g: 1, b: 1, a: 0}
  m_FlipX: 0
  m_FlipY: 0
  m_DrawMode: 0
  m_Size: {x: 0.99, y: 0.75}
  m_AdaptiveModeThreshold: 0.5
  m_SpriteTileMode: 0
  m_WasSpriteAssigned: 1
  m_MaskInteraction: 0
  m_SpriteSortPoint: 0
--- !u!1 &5402793479119596242
GameObject:
  m_ObjectHideFlags: 0
  m_CorrespondingSourceObject: {fileID: 0}
  m_PrefabInstance: {fileID: 0}
  m_PrefabAsset: {fileID: 0}
  serializedVersion: 6
  m_Component:
  - component: {fileID: 1898143091040252239}
  - component: {fileID: 3823422082451783812}
  - component: {fileID: 3911976451617614464}
  - component: {fileID: 5605731118593475427}
  - component: {fileID: -1750964284355553000}
  - component: {fileID: -8834070736430801556}
  m_Layer: 6
  m_Name: InvulnerablePlayer 7
  m_TagString: Player
  m_Icon: {fileID: 0}
  m_NavMeshLayer: 0
  m_StaticEditorFlags: 0
  m_IsActive: 1
--- !u!4 &1898143091040252239
Transform:
  m_ObjectHideFlags: 0
  m_CorrespondingSourceObject: {fileID: 0}
  m_PrefabInstance: {fileID: 0}
  m_PrefabAsset: {fileID: 0}
  m_GameObject: {fileID: 5402793479119596242}
  m_LocalRotation: {x: -0.7071068, y: 0, z: 0, w: 0.7071068}
  m_LocalPosition: {x: 0, y: 0, z: 0}
  m_LocalScale: {x: 1, y: 1, z: 1}
  m_Children:
  - {fileID: 1138093651147894099}
  m_Father: {fileID: 0}
  m_RootOrder: 0
  m_LocalEulerAnglesHint: {x: -90, y: 0, z: 0}
--- !u!114 &3823422082451783812
MonoBehaviour:
  m_ObjectHideFlags: 0
  m_CorrespondingSourceObject: {fileID: 0}
  m_PrefabInstance: {fileID: 0}
  m_PrefabAsset: {fileID: 0}
  m_GameObject: {fileID: 5402793479119596242}
  m_Enabled: 1
  m_EditorHideFlags: 0
  m_Script: {fileID: 11500000, guid: b2811c394370cb54dadf31cf6d3d74ce, type: 3}
  m_Name: 
  m_EditorClassIdentifier: 
  MovementSpeed: 2
  RotationSpeed: 400
  Bullet: {fileID: 280663258138658368, guid: f8c6c01d1415ae146aad7e1536308415, type: 3}
--- !u!114 &3911976451617614464
MonoBehaviour:
  m_ObjectHideFlags: 0
  m_CorrespondingSourceObject: {fileID: 0}
  m_PrefabInstance: {fileID: 0}
  m_PrefabAsset: {fileID: 0}
  m_GameObject: {fileID: 5402793479119596242}
  m_Enabled: 1
  m_EditorHideFlags: 0
  m_Script: {fileID: 11500000, guid: ccea9ea98e38942e0b0938c27ed1903e, type: 3}
  m_Name: 
  m_EditorClassIdentifier: 
  m_MotionType: 0
  m_Smoothing: 0
  m_Mass: 0.5
  m_LinearDamping: 0.5
  m_AngularDamping: 0
  m_InitialLinearVelocity:
    x: 0
    y: 0
    z: 0
  m_InitialAngularVelocity:
    x: 0
    y: 0
    z: 0
  m_GravityFactor: 0
  m_OverrideDefaultMassDistribution: 0
  m_CenterOfMass:
    x: 0
    y: 0
    z: 0
  m_Orientation:
    Value:
      x: 0
      y: 0
      z: 0
    RotationOrder: 4
  m_InertiaTensor:
    x: 0.4
    y: 0.4
    z: 0.4
  m_CustomTags:
    Tag00: 0
    Tag01: 0
    Tag02: 0
    Tag03: 0
    Tag04: 0
    Tag05: 0
    Tag06: 0
    Tag07: 0
--- !u!114 &5605731118593475427
MonoBehaviour:
  m_ObjectHideFlags: 0
  m_CorrespondingSourceObject: {fileID: 0}
  m_PrefabInstance: {fileID: 0}
  m_PrefabAsset: {fileID: 0}
  m_GameObject: {fileID: 5402793479119596242}
  m_Enabled: 1
  m_EditorHideFlags: 0
  m_Script: {fileID: 11500000, guid: 20948682d57ffa146a29553decfa9a8c, type: 3}
  m_Name: 
  m_EditorClassIdentifier: 
  PlayerPrefab: {fileID: 5402793479119596242, guid: 3f34da2665dcac745a3535061be5431c, type: 3}
--- !u!114 &-1750964284355553000
MonoBehaviour:
  m_ObjectHideFlags: 0
  m_CorrespondingSourceObject: {fileID: 0}
  m_PrefabInstance: {fileID: 0}
  m_PrefabAsset: {fileID: 0}
  m_GameObject: {fileID: 5402793479119596242}
  m_Enabled: 1
  m_EditorHideFlags: 0
  m_Script: {fileID: 11500000, guid: f9e58a9068f8bf642925c9083e7bf7d3, type: 3}
  m_Name: 
  m_EditorClassIdentifier: 
  ElapsedTime: 0
  TargetDuration: 0.2
--- !u!114 &-8834070736430801556
MonoBehaviour:
  m_ObjectHideFlags: 0
  m_CorrespondingSourceObject: {fileID: 0}
  m_PrefabInstance: {fileID: 0}
  m_PrefabAsset: {fileID: 0}
  m_GameObject: {fileID: 5402793479119596242}
  m_Enabled: 1
  m_EditorHideFlags: 0
  m_Script: {fileID: 11500000, guid: ea7d7495833204790ba1d3a8755397f8, type: 3}
  m_Name: 
  m_EditorClassIdentifier: 
  ConversionMode: 0
